<mjloggm ver="2.3"><GO type="1545" lobby="13489"/><UN n0="%E7%BE%8E%E4%BC%8A%E5%B0%BC" n1="%62%61%6B%61%64%6F%72%61" n2="%73%70%65%6E%73%65%72" n3="%72%61%63%68%65%6C" dan="10,4,0,2" rate="1554.05,1503.68,1500.00,1522.73" sx="M,F,F,F"/><TAIKYOKU oya="0"/><INIT seed="0,0,0,5,5,3" ten="250,250,250,250" chip="0,0,0,0" oya="0" hai0="92,72,94,12,127,83,102,57,61,104,88,8,120" hai1="60,109,11,66,95,134,110,10,17,115,63,70,42" hai2="43,130,111,33,123,97,86,53,5,133,55,126,13" hai3="69,103,4,91,29,24,36,30,119,14,118,116,65"/><T37/><D120/><U19/><E134/><V135/><F86/><W18/><G36/><T121/><D121/><U106/><E106/><V59/><F123/><W98/><G65/><T25/><D127/><U49/><E115/><V112/><F112/><W76/><G76/><T89/><D37/><U117/><E117/><V51/><F97/><W128/><G128/><T132/><D132/><N who="2" m="50762" /><F13/><W15/><G69/><T28/><D72/><U113/><E113/><V35/><F5/><W96/><G91/><T99/><D83/><U84/><E60/><N who="2" m="35951" /><F111/><N who="1" m="42505" /><E95/><V52/><F130/><W0/><G96/><T34/><D94/><U125/><E84/><V9/><F9/><N who="3" m="2183" /><G103/><T22/><D34/><N who="2" m="12810" /><F126/><W101/><G101/><T77/><D77/><U40/><E125/><V73/><F73/><W90/><G90/><T7/><REACH who="0" step="1"/><D104/><REACH who="0" ten="240,250,250,250" step="2"/><U107/><E107/><V48/><F48/><W114/><G98/><T41/><D41/><U23/><E42/><V68/><F68/><W62/><G62/><T44/><D44/><AGARI ba="0,1" hai="43,44,51,52,55" m="12810,35951,50762" machi="44" ten="30,2000,0" yaku="20,1,54,1" chip="54,1" doraHai="3" who="2" fromWho="0" sc="240,-20,250,0,250,30,250,0,0,-1,0,0,0,1,0,0" /><INIT seed="1,0,0,3,1,58" ten="220,250,280,250" chip="-1,0,1,0" oya="1" hai0="0,14,33,42,60,64,134,124,12,90,13,69,63" hai1="18,121,129,52,55,31,45,73,81,27,86,111,74" hai2="98,17,83,123,61,43,57,75,79,113,94,127,135" hai3="118,71,84,89,78,59,100,3,28,67,20,16,80"/><U109/><E121/><V119/><F123/><W21/><G3/><T101/><D124/><U15/><E129/><V131/><F127/><W91/><G71/><T82/><D134/><U30/><E30/><V65/><F135/><W6/><G6/><T93/><D33/><U36/><E55/><V77/><F131/><W11/><G118/><T97/><D0/><U48/><E36/><V62/><F119/><W26/><G100/><T108/><D108/><N who="1" m="41547" /><E27/><V133/><F133/><W95/><G11/><T105/><D42/><U96/><E31/><V87/><F113/><W70/><G70/><T25/><D25/><U4/><E96/><V68/><F43/><W122/><G122/><T103/><D103/><U23/><E4/><V99/><F17/><W110/><G110/><T1/><D1/><U39/><E39/><V7/><F7/><W112/><G112/><T117/><D117/><U114/><E114/><V128/><F128/><W66/><G78/><AGARI ba="0,0" hai="15,18,23,45,48,52,73,74,78,81,86" m="41547" machi="78" ten="30,5800,0" yaku="14,1,10,1,54,1" chip="54,1" doraHai="58" who="1" fromWho="3" sc="220,0,250,58,280,0,250,-58,-1,0,0,1,1,0,0,-1" /><INIT seed="1,1,0,2,2,18" ten="220,308,280,192" chip="-1,1,1,-1" oya="1" hai0="32,43,2,102,23,119,81,46,27,21,89,44,115" hai1="126,64,58,10,5,52,67,123,13,125,112,45,20" hai2="91,130,120,51,131,17,30,121,129,71,72,103,84" hai3="3,22,132,100,25,37,16,54,36,63,60,53,29"/><U6/><E123/><N who="2" m="47179" /><F71/><W55/><G3/><T114/><D119/><U42/><E112/><V124/><F51/><W12/><G132/><T8/><D2/><U77/><E77/><V107/><F30/><W127/><G127/><N who="1" m="48650" /><E20/><N who="0" m="7753" /><D115/><U104/><E104/><V68/><F17/><W134/><G134/><T74/><D74/><U133/><E5/><V28/><F28/><W35/><REACH who="3" step="1"/><G100/><REACH who="3" ten="220,308,280,182" step="2"/><T7/><D114/><U97/><E133/><V34/><F124/><W0/><G0/><T87/><D102/><U66/><E66/><V49/><F103/><W26/><G26/><T76/><D32/><U1/><E1/><V101/><F34/><W86/><G86/><T59/><D27/><U24/><E24/><V15/><F15/><W73/><G73/><T113/><D113/><U90/><E97/><N who="2" m="61871" /><F68/><W79/><G79/><T117/><D117/><U75/><E75/><V128/><F72/><W48/><G48/><N who="0" m="26655" /><D59/><U105/><E105/><V56/><F49/><W4/><G4/><T122/><D122/><U57/><E6/><V61/><F84/><W106/><G106/><T50/><D76/><U33/><E58/><V80/><F56/><W65/><G65/><T95/><D81/><U135/><E135/><V47/><F80/><W93/><G93/><T109/><D7/><U31/><E57/><V96/><F96/><W116/><G116/><T83/><D8/><U111/><E64/><V70/><F70/><W19/><G19/><T108/><D95/><U92/><E67/><V9/><F9/><W11/><G11/><T69/><D69/><U14/><E111/><V98/><F131/><RYUUKYOKU ba="1,1" sc="220,15,308,-15,280,-15,182,15,-1,0,1,0,1,0,-1,0" hai0="46,50,83,87,89,108,109" hai3="12,16,22,25,29,35,36,37,53,54,55,60,63" /><INIT seed="2,2,1,0,5,125" ten="235,293,265,197" chip="-1,1,1,-1" oya="2" hai0="82,30,41,84,31,17,111,74,48,97,118,38,122" hai1="36,75,77,70,92,57,100,68,72,55,35,87,42" hai2="65,25,22,83,3,7,26,13,93,109,85,66,69" hai3="80,89,29,88,86,124,32,123,71,135,33,53,5"/><V63/><F109/><W27/><G123/><T114/><D122/><U51/><E35/><V117/><F117/><W131/><G135/><T52/><D118/><U34/><E34/><V23/><F93/><W4/><G124/><T104/><D114/><U45/><E77/><V59/><F69/><W120/><G120/><T50/><D111/><U90/><REACH who="1" step="1"/><E100/><REACH who="1" ten="235,283,265,197" step="2"/><V98/><F98/><W78/><G33/><T119/><D119/><U39/><E39/><V102/><F102/><W28/><G32/><T106/><D38/><U94/><E94/><V8/><F66/><W6/><G71/><AGARI ba="2,2" hai="36,42,45,51,55,57,68,70,71,72,75,87,90,92" machi="71" ten="40,1300,0" yaku="1,1,53,0" doraHai="125" doraHaiUra="58" who="1" fromWho="3" sc="235,0,283,39,265,0,197,-19,-1,0,1,0,1,0,-1,0" /><INIT seed="3,0,0,1,5,94" ten="235,322,265,178" chip="-1,1,1,-1" oya="3" hai0="5,112,110,125,23,77,44,65,69,21,42,58,52" hai1="37,78,6,86,74,75,121,61,92,64,70,76,116" hai2="19,132,14,49,93,73,11,99,102,2,54,39,50" hai3="80,122,25,88,126,81,8,46,107,24,133,72,20"/><W118/><G118/><T106/><D112/><U128/><E121/><V124/><F124/><W45/><G122/><T103/><D125/><U114/><E116/><V57/><F132/><W28/><G126/><T17/><D110/><U12/><E114/><V59/><F39/><W131/><G131/><T33/><D33/><U0/><E128/><V30/><F2/><W47/><G107/><T108/><D108/><U7/><E37/><V63/><F73/><W135/><G72/><T87/><D77/><U101/><E0/><V18/><F30/><W31/><G8/><T123/><D123/><U82/><E12/><V36/><F36/><W29/><G20/><T71/><D87/><U67/><E67/><V100/><F100/><W83/><REACH who="3" step="1"/><G88/><REACH who="3" ten="235,322,265,168" step="2"/><T15/><D23/><U4/><REACH who="1" step="1"/><E78/><REACH who="1" ten="235,312,265,168" step="2"/><V111/><F111/><W84/><G84/><T27/><D5/><U117/><E117/><V60/><REACH who="2" step="1"/><F19/><REACH who="2" ten="235,312,255,168" step="2"/><W43/><G43/><T66/><D42/><U34/><E34/><V10/><F10/><W104/><G104/><T120/><D120/><U134/><E134/><AGARI ba="0,3" hai="24,25,28,29,31,45,46,47,80,81,83,133,134,135" machi="134" ten="50,18000,2" yaku="1,1,29,2,28,2,20,1,53,0" doraHai="94" doraHaiUra="55" who="3" fromWho="1" sc="235,0,312,-180,255,0,168,210,-1,0,1,0,1,0,-1,0" /><INIT seed="3,1,0,3,5,104" ten="235,132,255,378" chip="-1,1,1,-1" oya="3" hai0="128,118,127,67,30,5,78,13,16,26,115,79,44" hai1="119,52,23,90,95,39,20,42,135,25,124,34,7" hai2="36,112,107,69,93,11,64,117,22,60,56,48,123" hai3="68,94,19,21,31,17,130,110,85,47,102,113,1"/><W8/><G68/><T6/><D118/><U9/><E119/><V74/><F107/><W105/><G113/><T72/><D115/><U121/><E121/><V101/><F117/><W14/><G110/><T87/><D127/><U40/><E124/><V75/><F112/><W32/><G130/><T100/><D128/><U35/><E135/><V33/><F33/><W73/><G73/><T132/><D132/><U49/><E39/><V108/><F108/><W61/><G47/><T3/><D67/><U129/><E129/><V92/><F123/><W120/><G120/><T89/><D44/><U76/><E76/><V59/><F36/><W122/><G122/><T2/><D100/><U116/><E116/><V133/><F133/><W91/><G61/><T109/><D109/><U63/><E63/><V38/><F38/><W65/><G65/><T57/><D57/><U50/><E23/><V125/><F74/><W88/><G102/><T114/><D114/><U54/><E9/><V86/><F75/><W46/><G105/><T98/><D72/><U66/><E7/><V83/><F69/><W96/><G46/><T84/><D98/><U80/><E80/><V77/><F125/><W131/><G131/><T4/><BYE who="3" /><D89/><U45/><E66/><UN n3="%72%61%63%68%65%6C" /><V71/><F71/><W0/><G31/><T82/><D30/><U106/><E106/><V51/><F101/><W37/><G37/><T55/><D55/><U126/><E126/><V99/><F60/><W24/><G32/><N who="1" m="12330" /><E25/><V70/><F64/><W53/><G53/><T12/><D26/><U10/><E20/><V111/><F22/><RYUUKYOKU ba="1,0" sc="235,-10,132,-10,255,-10,378,30,-1,0,1,0,1,0,-1,0" hai3="0,1,8,14,17,19,21,24,85,88,91,94,96" /><INIT seed="3,2,0,4,1,26" ten="225,122,245,408" chip="-1,1,1,-1" oya="3" hai0="36,91,37,80,60,22,56,16,8,0,29,38,27" hai1="104,32,45,11,132,86,62,17,110,12,77,5,13" hai2="100,74,94,103,54,52,23,41,117,97,69,85,51" hai3="114,112,125,124,24,19,134,129,9,15,127,119,48"/><W31/><G48/><T108/><D108/><U88/><E110/><V63/><F74/><W25/><G134/><T66/><D0/><U65/><E132/><V67/><F117/><W113/><G119/><T93/><D80/><U64/><E104/><V135/><F135/><W46/><G46/><T28/><REACH who="0" step="1"/><D8/><REACH who="0" ten="215,122,245,408" step="2"/><U14/><E32/><V118/><F118/><W101/><G101/><T131/><D131/><U81/><E45/><V89/><F103/><W79/><G79/><T123/><D123/><U109/><E109/><V98/><F41/><W106/><G106/><T44/><D44/><U78/><E65/><V71/><F67/><W42/><G42/><T116/><D116/><U18/><E64/><V49/><F100/><W120/><G120/><T96/><AGARI ba="2,1" hai="16,22,27,28,29,36,37,38,56,60,66,91,93,96" machi="96" ten="30,12000,2" yaku="1,1,0,1,52,2,54,1,53,1" chip="54,1,53,1" doraHai="26" doraHaiUra="90" who="0" fromWho="0" sc="215,136,122,-32,245,-32,408,-62,-1,6,1,-2,1,-2,-1,-2" /><INIT seed="4,0,0,3,0,23" ten="351,90,213,346" chip="5,-1,-1,-3" oya="0" hai0="38,7,90,73,112,27,0,116,71,126,102,11,30" hai1="24,100,109,101,64,134,20,83,88,68,2,76,59" hai2="82,33,17,84,127,118,41,108,123,87,74,96,94" hai3="51,97,66,125,57,26,60,124,47,9,63,28,128"/><T104/><D116/><U80/><E134/><V25/><F41/><W32/><G128/><T135/><D112/><U53/><E2/><V8/><F118/><W54/><G97/><T13/><D135/><U42/><E109/><V10/><F108/><W70/><REACH who="3" step="1"/><G9/><REACH who="3" ten="351,90,213,336" step="2"/><T79/><D11/><U43/><E68/><V105/><F10/><W130/><G130/><T95/><D71/><U14/><E64/><AGARI ba="0,1" hai="26,28,32,47,51,54,57,60,63,64,66,70,124,125" machi="64" ten="40,5200,0" yaku="1,1,52,1,53,1" chip="53,1" doraHai="23" doraHaiUra="46" who="3" fromWho="1" sc="351,0,90,-52,213,0,336,62,5,0,-1,-1,-1,0,-3,1" /><INIT seed="5,0,0,2,0,97" ten="351,38,213,398" chip="5,-2,-1,-2" oya="1" hai0="80,100,127,50,92,35,6,21,33,122,117,106,2" hai1="84,52,8,134,78,4,120,130,95,112,109,59,10" hai2="58,19,45,41,111,39,79,70,62,124,129,12,90" hai3="101,64,76,56,94,38,69,68,115,63,110,7,44"/><U65/><E120/><V119/><F129/><W82/><G115/><T91/><D122/><U22/><E134/><V54/><F124/><W118/><G118/><T108/><D127/><U16/><E130/><V114/><F111/><W116/><G116/><T121/><D121/><U102/><E112/><V48/><F114/><W131/><G131/><T125/><D117/><U72/><E72/><V25/><F119/><W20/><G110/><T87/><D108/><U34/><E34/><V107/><F107/><W93/><G7/><T53/><D125/><U60/><E109/><V17/><F79/><W43/><G20/><T29/><D2/><U57/><E102/><V128/><F128/><W46/><G46/><T73/><D6/><U113/><E113/><V103/><F103/><W126/><G126/><T40/><D40/><U31/><E31/><V133/><F133/><W15/><G15/><T32/><D29/><U55/><E4/><V47/><F90/><W99/><REACH who="3" step="1"/><G94/><REACH who="3" ten="351,38,213,388" step="2"/><T42/><D21/><U27/><E95/><V66/><F47/><W88/><G88/><T5/><D5/><U67/><E10/><V96/><F96/><W11/><G11/><T74/><D35/><U89/><E8/><V75/><F12/><W83/><G83/><T51/><D80/><N who="1" m="49287" /><E78/><V71/><F25/><W3/><G3/><T86/><D92/><U26/><E26/><V77/><REACH who="2" step="1"/><F70/><REACH who="2" ten="351,38,203,388" step="2"/><W85/><AGARI ba="0,2" hai="38,43,44,56,63,64,68,69,76,82,85,93,99,101" machi="85" ten="20,5200,0" yaku="1,1,0,1,7,1,52,1,53,0" doraHai="97" doraHaiUra="13" who="3" fromWho="3" sc="351,-13,38,-26,203,-13,388,72,5,0,-2,0,-1,0,-2,0" /><INIT seed="6,0,0,2,1,113" ten="338,12,190,460" chip="5,-2,-1,-2" oya="2" hai0="15,115,89,43,135,12,40,128,104,31,105,29,90" hai1="24,61,17,39,133,100,7,26,120,122,94,106,28" hai2="92,123,8,83,85,11,96,88,27,68,4,10,53" hai3="63,78,19,37,109,76,134,59,58,129,75,79,103"/><V16/><F68/><W125/><G37/><T71/><D71/><U56/><E133/><V9/><F123/><W119/><G134/><T91/><D135/><U47/><E106/><V44/><N who="2" m="2048" /><DORA hai="62" /><V33/><F33/><W13/><G129/><T111/><D91/><U30/><E7/><V41/><F41/><W112/><G112/><T42/><D42/><U117/><E117/><V80/><F4/><W121/><G121/><N who="1" m="46698" /><E17/><V132/><F132/><W32/><G32/><T116/><D128/><U118/><E118/><V98/><F53/><W0/><G119/><T126/><D116/><U69/><E69/><V72/><F44/><W77/><N who="3" m="19456" /><DORA hai="127" /><W65/><G0/><T46/><D46/><U107/><E107/><V101/><F72/><W95/><G125/><T93/><D93/><U108/><E108/><V5/><F5/><W50/><G109/><T110/><REACH who="0" step="1"/><D126/><REACH who="0" ten="328,12,190,460" step="2"/><U97/><E39/><V22/><REACH who="2" step="1"/><F98/><REACH who="2" ten="328,12,180,460" step="2"/><N who="3" m="59871" /><G75/><T60/><D60/><U14/><E47/><V51/><F51/><W102/><G102/><T114/><AGARI ba="0,2" hai="12,15,29,31,40,43,89,90,104,105,110,111,114,115" machi="114" ten="25,6400,0" yaku="1,1,0,1,22,2,53,0" doraHai="113,62,127" doraHaiUra="99,82,48" who="0" fromWho="0" sc="328,84,12,-16,180,-32,460,-16,5,0,-2,0,-1,0,-2,0" owari="412,21.2,-4,-60.4,148,-25.2,444,64.4,5,0,-2,0,-1,0,-2,0" /></mjloggm>